2467 4078
538 188 696 284 630
1070 250 1075 253 ,
1194 216 1197 225 ·
1327 178 1378 251 S
1389 180 1450 252 Α
1467 180 1523 252 G

541 298 2327 336 m

716 353 967 417 cerdotir
993 352 1226 414 Summi
1261 351 1611 413 inueteratae
1635 348 2118 412 recondebantur.
2141 348 2262 408 ibid.
2276 351 2333 429 §.

714 456 776 520 ς.
861 436 1058 503 Vestes
1087 435 1472 500 sacerdotales
1504 455 1631 496 non
1662 433 2000 496 emebantur
2026 429 2136 494 nifi
2167 455 2329 512 pecu·

712 524 816 584 nia
864 519 1118 584 ecclesiae
1141 566 1159 596 ,
1237 519 1406 602 qnod
1451 518 1502 583 fi
1535 536 1729 581 autem
1772 524 2034 597 priuatus
2092 519 2327 596 qnidam

710 605 958 669 vouiss‘et
977 604 1193 667 vestem
1220 603 1624 667 sacerdotalem
1641 650 1657 677 ‚
1700 620 1844 664 tunc
1867 602 2133 663 tradebat
2158 604 2325 665 eccle·

600 724 607 735 ³
710 690 863 766 fiae,
900 706 957 754 et
984 706 1129 751 tunc
1155 690 1416 770 legitima
1442 706 1575 750 erat.
1607 687 1734 750 ibid.
1765 686 1820 765 §.
1864 702 1929 764 7.
2010 689 2325 768 Nonagin-

710 792 772 843 αι
802 792 859 837 et
892 771 989 836 sex
1032 770 1291 853 capsulae
1326 771 1566 836 suerunt
1599 775 1668 834 in
1709 771 1923 850 templo
1941 816 1959 844 ‚
2015 771 2120 832 vbi
2164 773 2322 834 restes

708 858 1173 941 reponebantur,
1219 875 1470 942 quatuor
1499 878 1607 939 pro
1635 876 1975 938 vnaquaque
2006 856 2188 917 curia.
2202 856 2310 917 ibid.

709 944 772 1025 ᾗ,
808 953 867 1017 8.
950 943 1226 1006 Sacerdos
1255 942 1535 1005 summus
1572 943 1784 1016 noan,
1835 956 1898 1001 et
1922 958 2181 1009 cum,ex
2207 940 2310 1003 san·

711 1030 934 1092 &uario
965 1027 1360 1110 egrederetur,
1396 1028 1715 1109 reponebat
1729 1024 1898 1089 vestes
1912 1045 2119 1086 aureas
2145 1023 2313 1087 insuo

710 1112 1000 1175 conclaui.
1031 1111 1158 1174 ibid.
1186 1113 1243 1194 §.
1298 1131 1396 1177 10·
1517 1111 1899 1174 sacerdotales
1947 1110 2132 1171 vester
2175 1126 2320 1172 erant

708 1196 999 1260 concess'ae
1018 1195 1410 1260 'sacerdotibus
1436 1195 1611 1258 etiam
1634 1197 1702 1258 in
1738 1194 1908 1257 suum
1949 1191 2145 1256 vsum.
2216 1198 2314 1256 Ita-

705 1302 826 1365 que
858 1280 1100 1364 quodie
1127 1279 1296 1344 fictis
1339 1282 1681 1363 operabatur
1724 1272 1944 1343 eorum*
1969 1280 2215 1360 aliquis,
2250 1281 2320 1342 iia

706 1367 923 1430 licebat
946 1386 1085 1428 eum
1113 1366 1221 1428 ess'c
1248 1366 1498 1429 vestibus
1536 1366 1818 1429 indutum
1865 1379 2087 1445 praeter
2128 1361 2314 1425 sacrifi-

705 1451 883 1514 candi
912 1468 1178 1532 tempus,
1216 1468 1457 1533 excepto
1473 1451 1680 1512 balteo.
1715 1450 1844 1512 ibid.
1870 1449 1931 1529 §.
1968 1466 2069 1511 11.
2102 1452 2312 1510 Omnes

700 1536 881 1600 vestes
904 1535 1274 1600 {heerdomlea
1298 1552 1462 1600 erant
1489 1552 1708 1611 textae,
1744 1552 1869 1596 non
1881 1531 2173 1595 acufaehe
2195 1531 2317 1593 ibid.

699 1622 761 1701 ς.
800 1638 898 1704 19.
934 1624 1052 1684 Eae
1076 1640 1202 1682 non
1231 1620 1766 1695 debebantlacerari
1790 1617 1919 1680 ibid.
1950 1636 2076 1698 cap.
2091 1636 2155 1701 9.
2185 1619 2241 1697 §.
2262 1634 2316 1697 3.

586 1746 589 1749 ι
697 1706 864 1766 Inter
893 1724 1106 1785 corpur
1129 1721 1188 1766 et
1212 1706 1393 1769 vestes
1419 1704 1781 1767 sacerdotum
1811 1702 1964 1766 nihil
1987 1699 2322 1765 debebates·

697 1785 760 1849 st
780 1788 1199 1850 intermedium
1217 1835 1236 1864 ,
1277 1811 1353 1850 ne
1383 1789 1689 1869 pediculur
1728 1788 1990 1873 quidem.
2031 1786 2155 1847 ibid.
2188 1806 2315 1868 cap.

704 1889 805 1937 10.
841 1873 898 1951 §.
937 1873 996 1939 6.
1024 1871 1143 1955 seq.
1222 1875 1317 1935 De
1350 1872 1539 1935 forma
1566 1875 1800 1936 tunicae
1831 1891 1951 1935 tam
1993 1871 2316 1935 Sacerdoti:

696 1955 956 2033 summi,
994 1978 1170 2039 quam
1201 1955 1506 2021 sacerdotis
1538 1960 1818 2041 gregarii.
1844 1957 1968 2019 ibid.
2004 1977 2132 2037 cap.
2162 1965 2227 2029 8.
2254 1957 2315 2036 §.

562 2123 567 2128 .
700 2043 800 2109 16.
839 2057 938 2122 17.
979 2047 1069 2107 Ex
1096 2045 1354 2107 veteratis
1396 2043 1754 2107 sacerdotum
1800 2043 2203 2127 gregariorum
2231 2060 2318 2104 tu·

696 2129 848 2194 nicia
879 2125 1142 2191 fecerunt
1166 2128 1459 2212 ellychnia
1492 2130 1566 2192 ad
1610 2128 2042 2191 candelabrum.
2098 2128 2234 2188 ibid.
2258 2128 2314 2206 §.

694 2211 758 2275 6.
813 2216 900 2274 Ex
915 2214 1282 2275 femoralibus
1303 2212 1655 2276 sacerdotum
1698 2214 2094 2297 gregariormn
2115 2230 2172 2274 et
2201 2213 2314 2272 bal-

698 2298 804 2357 teis
845 2301 1101 2359 veteratis
1136 2298 1395 2360 fecerunt
1437 2298 1731 2381 ellychnia
1758 2345 1777 2375 ,
1861 2318 2013 2380 quae
2055 2299 2126 2361 in
2175 2315 2312 2358 tem·

692 2380 795 2461 plo
834 2381 1297 2444 accendebantur
1337 2384 1400 2443 in
1445 2384 1658 2445 laetitia
1708 2384 1924 2447 domur
1963 2382 2314 2444 haustionis.

688 2463 820 2525 ibid.
852 2466 1139 2527 Cramer-us
1167 2466 1243 2528 ad
1274 2466 1426 2529 cod.
1457 2468 1639 2529 Succa
1668 2490 1730 2549 p.
1757 2485 1909 2551 441.
1988 2465 2086 2531 D'e

686 2545 1084 2612 fet-moralium
1115 2568 1236 2612 tam
1277 2548 1578 2614 sacerdotis
1607 2551 1822 2614 summi
1845 2572 2024 2634 quam
2057 2552 2310 2634 gregarii

686 2630 816 2692 ibid.
846 2634 920 2712 .§.
971 2651 1067 2716 19.
1122 2637 1189 2696 it.
1248 2634 1363 2696 Iom
1412 2634 1577 2699 Tobh.
1606 2637 1680 2698 ad
1716 2639 1803 2699 tit.
1833 2639 2018 2699 loma.
2056 2639 2203 2718 Cap.
2245 2652 2307 2716 72

688 2714 936 2779 mischn.
972 2735 1033 2799 ς.
1115 2721 1210 2782 De
1233 2719 1558 2783 differentia
1578 2739 1796 2786 rmum
1832 2721 2143 2786 sacerdotis
2155 2721 2311 2784 finn-

686 2802 775 2864 mi
801 2818 858 2865 et
887 2803 1247 2885 reliquorum
1289 2803 1645 2868 sacerdotum
1681 2808 1882 2870 Mm‘m.
1912 2807 1952 2867 1.
1984 2828 2039 2868 c.
2081 2827 2209 2888 cap.
2244 2814 2305 2877 8.

682 2885 744 2964 §.
777 2902 834 2950 1.
915 2889 1008 2949 De
1033 2888 1324 2968 pectorali.
1355 2889 1478 2951 ibid.
1512 2911 1635 2976 cap.
1669 2910 1731 2974 9.
1763 2892 1819 2972 §.
1850 2891 1908 2955 6.
1944 2889 2056 2975 seq.
2144 2893 2308 3038 Q&

643 3005 648 3012 ·
681 2970 866 3032 modo
896 2975 1141 3035 nomina
1166 2971 1539 3037 Israelitamm
1573 2974 1843 3058 inscripta
1859 2975 2084 3038 fuerint
2109 2998 2217 3057 pec

677 3055 822 3130 nli,
861 3053 1050 3138 deque
1078 3058 1332 3140 gemmis
1363 3058 1542 3122 illius.
1580 3059 1824 3122 Rabbotb
1858 3059 1963 3123 fol.
2012 3062 2158 3124 126.
2189 3061 2303 3122 col.

685 3154 744 3201 1.
773 3140 927 3202 med.
1010 3143 1101 3204 De
1125 3141 1355 3223 Ephod.
1392 3143 1592 3206 mm.
1634 3145 1676 3204 l.
1719 3165 1773 3206 c.
1813 3165 1937 3226 cap.
1994 3161 2058 3227 9.
2104 3147 2166 3225 §.
2282 3187 2299 3204 .

675 3217 789 3303 seq.
873 3226 1128 3313 Quando
1155 3229 1220 3288 in
1253 3225 1474 3309 scriptis
1511 3227 1926 3311 Prophetarum
1967 3232 2198 3291 mentio
2233 3161 2303 3292 gt

675 3322 1112 3390 nonnunquam
1141 3310 1379 3390 Ephodi
1397 3312 1571 3388 linei,
1626 3331 1770 3375 tunc
1795 3334 1919 3375 non
1946 3314 2305 3396 intelligitur

668 3388 780 3451 tale
805 3389 1048 3473 Ephod,
1104 3396 1272 3478 quale
1313 3395 1642 3459 Sacerdotes
1670 3401 1729 3461 S.
1773 3396 2122 3462 habuerunt.
2163 3395 2300 3457 ibid.

666 3490 717 3535 e.
750 3490 844 3541 10.
870 3479 926 3559 ς.
961 3494 1061 3560 ¹3·
1140 3478 1355 3562 Ephod
1381 3481 1684 3564 quomodo
1726 3482 1989 3550 tribuum
2032 3482 2299 3546 lxi-ueliti-

2083 3585 2291 3630 carum
